<?xml version="1.0" encoding="utf-8"?>
<record xmlns="http://www.loc.gov/MARC21/slim" xmlns:xsi="http://www.w3.org/2001/XMLSchema-instance" xsi:schemaLocation="http://www.loc.gov/MARC21/slim http://www.loc.gov/standards/marcxml/schema/MARC21slim.xsd">
	<leader>     nam a22     Mi 4500</leader>
	<controlfield tag="001">198403</controlfield>
	<controlfield tag="003">NjP</controlfield>
	<controlfield tag="006">m        d        </controlfield>
	<controlfield tag="007">cr cn |||m|||a</controlfield>
	<controlfield tag="008">210331m19609999iq      o     000 0 ara d</controlfield>
	<datafield ind1=" " ind2=" " tag="040">
		<subfield code="a">ZYU</subfield>
		<subfield code="b">ara</subfield>
		<subfield code="e">rda</subfield>
		<subfield code="c">ZYU</subfield>
	</datafield>
	<datafield ind1=" " ind2=" " tag="090">
		<subfield code="a">BP194.4</subfield>
		<subfield code="b">.S557 1962</subfield>
	</datafield>
	<datafield ind1="1" ind2=" " tag="100">
		<subfield code="6">880-01</subfield>
		<subfield code="a">Shīrāzī, Muḥammad al-Mahdī al-Ḥusaynī,</subfield>
		<subfield code="d">1928 or 1929-</subfield>
	</datafield>
	<datafield ind1="1" ind2="3" tag="245">
		<subfield code="6">880-02</subfield>
		<subfield code="a">al-Fiqh :</subfield>
		<subfield code="b">wa-huwá sharḥ istidlālī ʻalá kitāb al-ʻUrwah al-wuthqá li-āyatallāh almarḥūm al-sayyid Muḥammad Kāẓim sl-Ṭabāṭabāʼī al-Yazdī &quot;Qadah&quot; /</subfield>
		<subfield code="c">Muḥammad al-Mahdī al-Ḥusayīm al-Shīrāzī.</subfield>
	</datafield>
	<datafield ind1=" " ind2="1" tag="264">
		<subfield code="6">880-03</subfield>
		<subfield code="a">al-Najaf al-Ashraf :</subfield>
		<subfield code="b">Maṭbaʻat al-Ādāb,</subfield>
		<subfield code="c">[1962?]</subfield>
	</datafield>
	<datafield ind1=" " ind2=" " tag="300">
		<subfield code="a">online resource (volumes)</subfield>
	</datafield>
	<datafield ind1=" " ind2=" " tag="336">
		<subfield code="a">text</subfield>
		<subfield code="2">rdacontent</subfield>
	</datafield>
	<datafield ind1=" " ind2=" " tag="337">
		<subfield code="a">computer</subfield>
		<subfield code="2">rdamedia</subfield>
	</datafield>
	<datafield ind1=" " ind2=" " tag="338">
		<subfield code="a">online resource</subfield>
		<subfield code="2">rdacarrier</subfield>
	</datafield>
	<datafield ind1=" " ind2=" " tag="500">
		<subfield code="a">Imprint varies.</subfield>
	</datafield>
	<datafield ind1=" " ind2=" " tag="500">
		<subfield code="a">Forms part of the Islamic Lithographs Collection.</subfield>
		<subfield code="5">ICU</subfield>
	</datafield>
	<datafield ind1=" " ind2=" " tag="500">
		<subfield code="a">Part of the Arabic Collections Online (ACO) project, contributed by Princeton University Libraries.</subfield>
	</datafield>
	<datafield ind1="0" ind2=" " tag="505">
		<subfield code="a">1. Fī al-ijtihād wa-al-taqlīd -- 2. [al-Ḥajj], al-juzʼ 1, 1963 -- 3. [al-Ḥajj], al-juzʼ 2 -- 4. Kitāb al-zakāh 1, 1967.</subfield>
	</datafield>
	<datafield ind1=" " ind2=" " tag="533">
		<subfield code="a">Electronic reproduction.</subfield>
		<subfield code="b">New York, N.Y. :</subfield>
		<subfield code="c">New York University,</subfield>
		<subfield code="d">2021.</subfield>
		<subfield code="5">NNU</subfield>
	</datafield>
	<datafield ind1="1" ind2="0" tag="600">
		<subfield code="a">Ṭabāṭabāʼī, Muḥammad Kāẓim,</subfield>
		<subfield code="d">-1919.</subfield>
		<subfield code="t">ʻUrwah al-wuthqá</subfield>
	</datafield>
	<datafield ind1=" " ind2="0" tag="650">
		<subfield code="a">Shīʻah</subfield>
		<subfield code="x">Customs and practices.</subfield>
	</datafield>
	<datafield ind1=" " ind2="7" tag="650">
		<subfield code="a">Shīʻah</subfield>
		<subfield code="x">Customs and practices.</subfield>
		<subfield code="2">fast</subfield>
		<subfield code="0">(OCoLC)fst01117947</subfield>
	</datafield>
	<datafield ind1="2" ind2=" " tag="710">
		<subfield code="a">Islamic Lithographs Collection.</subfield>
		<subfield code="5">ICU</subfield>
	</datafield>
	<datafield ind1="2" ind2=" " tag="710">
		<subfield code="a">Princeton University.</subfield>
		<subfield code="b">Library.</subfield>
	</datafield>
	<datafield ind1="0" ind2=" " tag="730">
		<subfield code="a">Arabic Collections Online.</subfield>
	</datafield>
	<datafield ind1="0" ind2="8" tag="776">
		<subfield code="i">Online version:</subfield>
		<subfield code="a">Shīrāzī, Muḥammad al-Mahdī al-Ḥusaynī, 1928 or 1929-</subfield>
		<subfield code="t">Fiqh.</subfield>
		<subfield code="d">al-Najaf al-Ashraf : Maṭbaʻat al-Ādāb, [1962?]</subfield>
		<subfield code="w">(OCoLC)1144935851</subfield>
	</datafield>
	<datafield ind1="0" ind2="8" tag="776">
		<subfield code="i">Print version:</subfield>
		<subfield code="a">Shīrāzī, Muḥammad al-Mahdī al-Ḥusaynī, 1928 or 1929-</subfield>
		<subfield code="t">al-Fiqh</subfield>
		<subfield code="w">(NjP)198403</subfield>
		<subfield code="w">(OCoLC)25338731</subfield>
	</datafield>
	<datafield ind1="4" ind2="0" tag="856">
		<subfield code="u">http://hdl.handle.net/2333.1/g1jwt4w1</subfield>
	</datafield>
	<datafield ind1="1" ind2=" " tag="880">
		<subfield code="6">100-01</subfield>
		<subfield code="a">شىرازى، محمد المهدى الحسىنى،</subfield>
		<subfield code="d">1928 or 1929-</subfield>
	</datafield>
	<datafield ind1="1" ind2="2" tag="880">
		<subfield code="6">245-02</subfield>
		<subfield code="a">الفقه :</subfield>
		<subfield code="b">وهوى شرح استدلالي على كتاب العروة الوثقى لاية االله المرحوم السيد محمد كاظم سلطباطبائي اليزدي &quot;قده&quot; /</subfield>
		<subfield code="c">محمد المهدي الحسييم الشيرازي.</subfield>
	</datafield>
	<datafield ind1=" " ind2="1" tag="880">
		<subfield code="6">264-03</subfield>
		<subfield code="a">النجف الاشرف :</subfield>
		<subfield code="b">مطبعة الاداب،</subfield>
		<subfield code="c">[1962؟]</subfield>
	</datafield>
	<datafield ind1=" " ind2=" " tag="959">
		<subfield code="a">NNU</subfield>
		<subfield code="b">WEB</subfield>
		<subfield code="c">GENI</subfield>
		<subfield code="t">0</subfield>
		<subfield code="m">Electronic access</subfield>
		<subfield code="s">01</subfield>
	</datafield>
	<datafield ind1=" " ind2=" " tag="999">
		<subfield code="i">NjP_198403</subfield>
		<subfield code="o">(OCoLC)ocm25338731</subfield>
		<subfield code="s">princeton_aco003364:v. 1</subfield>
		<subfield code="s">princeton_aco003486:v. 2</subfield>
		<subfield code="s">princeton_aco003487:v. 3</subfield>
		<subfield code="s">princeton_aco003363:v. 4</subfield>
		<subfield code="e">(ERROR-880)</subfield>
		<subfield code="s">princeton_aco003364:v. 1</subfield>
		<subfield code="s">princeton_aco003486:v. 2</subfield>
		<subfield code="s">princeton_aco003487:v. 3</subfield>
		<subfield code="s">princeton_aco003363:v. 4</subfield>
	</datafield>
</record>
